@inproceedings{durham2014model,
  title={A model architecture for Big Data applications using relational databases},
  author={Durham, Erin-Elizabeth A and Rosen, Andrew and Harrison, Robert W},
  booktitle={Big Data (Big Data), 2014 IEEE International Conference on},
  pages={9--16},
  year={2014},
  organization={IEEE}
}

@inproceedings{durham2014optimization,
	title={Optimization of relational database usage involving Big Data a model architecture for Big Data applications},
	author={Durham, Erin-Elizabeth A and Rosen, Andrew and Harrison, Robert W},
	booktitle={Computational Intelligence and Data Mining (CIDM), 2014 IEEE Symposium on},
	pages={454--462},
	year={2014},
	organization={IEEE}
}


@inproceedings{umoja2014novel,
	title={A novel approach to determine docking locations using fuzzy logic and shape determination},
	author={Umoja, Chinua and Torrance, JT and Durham, Erin-Elizabeth A and Rosen, Andrew and Harrison, Robert W},
	booktitle={Big Data (Big Data), 2014 IEEE International Conference on},
	pages={14--16},
	year={2014},
	organization={IEEE}
}