@inproceedings{ara-ants,
  title={ARA-the ant-colony based routing algorithm for MANETs},
  author={Gunes, Mesut and Sorges, Udo and Bouazizi, Imed},
  booktitle={Parallel Processing Workshops, 2002. Proceedings. International Conference on},
  pages={79--85},
  year={2002},
  organization={IEEE}
}


@article{kleinberg2000navigation,
  title={Navigation in a small world},
  author={Kleinberg, Jon M},
  journal={Nature},
  volume={406},
  number={6798},
  pages={845--845},
  year={2000},
  publisher={Nature Publishing Group}
}
