
@article{voronoi,
	title={Voronoi diagramsâ€”a survey of a fundamental geometric data structure},
	author={Aurenhammer, Franz},
	journal={ACM Computing Surveys (CSUR)},
	volume={23},
	number={3},
	pages={345--405},
	year={1991},
	publisher={ACM}
}



@article{bern1991expected,
	title={The expected extremes in a Delaunay triangulation},
	author={Bern, Marshall and Eppstein, David and Yao, Frances},
	journal={International Journal of Computational Geometry \& Applications},
	volume={1},
	number={01},
	pages={79--91},
	year={1991},
	publisher={World Scientific}
}


