@inproceedings{pappas2006comparative,
  title={A Comparative Study of the DNS Design with DHT-Based Alternatives.},
  author={Pappas, Vasileios and Massey, Daniel and Terzis, Andreas and Zhang, Lixia},
  booktitle={INFOCOM},
  volume={6},
  pages={1--13},
  year={2006}
}

@incollection{cox2002serving,
	title={Serving DNS using a peer-to-peer lookup service},
	author={Cox, Russ and Muthitacharoen, Athicha and Morris, Robert T},
	booktitle={Peer-to-Peer Systems},
	pages={155--165},
	year={2002},
	publisher={Springer}
}