@inproceedings{carbunar2004distributed,
  title={Distributed and dynamic voronoi overlays for coverage detection and distributed hash tables in ad-hoc networks},
  author={Carbunar, Bogdan and Grama, Ananth and Vitek, Jan},
  booktitle={Parallel and Distributed Systems, 2004. ICPADS 2004. Proceedings. Tenth International Conference on},
  pages={549--556},
  year={2004},
  organization={IEEE}
},


@inproceedings{chen2008voronoi,
  title={Voronoi-based sleeping configuration in wireless sensor networks with location error},
  author={Chen, Xinyu and Lyu, Michael R and Guo, Ping},
  booktitle={Networking, Sensing and Control, 2008. ICNSC 2008. IEEE International Conference on},
  pages={1459--1464},
  year={2008},
  organization={IEEE}
}
